@inproceedings{gonzalez2012powergraph,
  title={PowerGraph: Distributed graph-parallel computation on natural graphs},
  author={Gonzalez, J and Low, Yucheng and Gu, Haijie and Bickson, Danny and Guestrin, Carlos},
  booktitle={Proc. of the 10th USENIX conference on Operating systems design and implementation},
  year={2012}
}
@article{low2010graphlab,
  title={Graphlab: A new framework for parallel machine learning},
  author={Low, Yucheng and Gonzalez, Joseph and Kyrola, Aapo and Bickson, Danny and Guestrin, Carlos and Hellerstein, Joseph M},
  journal={arXiv preprint arXiv:1006.4990},
  year={2010}
}
@inproceedings{Shun:2013:LLG:2442516.2442530,
 author = {Shun, Julian and Blelloch, Guy E.},
 title = {Ligra: a lightweight graph processing framework for shared memory},
 booktitle = {Proceedings of the 18th ACM SIGPLAN symposium on Principles and practice of parallel programming},
 series = {PPoPP '13},
 year = {2013},
 isbn = {978-1-4503-1922-5},
 location = {Shenzhen, China},
 pages = {135--146},
 numpages = {12},
 url = {http://doi.acm.org/10.1145/2442516.2442530},
 doi = {10.1145/2442516.2442530},
 acmid = {2442530},
 publisher = {ACM},
 address = {New York, NY, USA},
 keywords = {graph algorithms, parallel programming, shared memory},
}
@inproceedings{Beamer:2012:DBS:2388996.2389013,
 author = {Beamer, Scott and Asanovi\'{c}, Krste and Patterson, David},
 title = {Direction-optimizing breadth-first search},
 booktitle = {Proceedings of the International Conference on High Performance Computing, Networking, Storage and Analysis},
 series = {SC '12},
 year = {2012},
 isbn = {978-1-4673-0804-5},
 location = {Salt Lake City, Utah},
 pages = {12:1--12:10},
 articleno = {12},
 numpages = {10},
 url = {http://dl.acm.org/citation.cfm?id=2388996.2389013},
 acmid = {2389013},
 publisher = {IEEE Computer Society Press},
 address = {Los Alamitos, CA, USA},
}
@article{Brin:1998:ALH:297810.297827,
 author = {Brin, Sergey and Page, Lawrence},
 title = {The anatomy of a large-scale hypertextual Web search engine},
 journal = {Comput. Netw. ISDN Syst.},
 issue_date = {April 1, 1998},
 volume = {30},
 number = {1-7},
 month = apr,
 year = {1998},
 issn = {0169-7552},
 pages = {107--117},
 numpages = {11},
 url = {http://dx.doi.org/10.1016/S0169-7552(98)00110-X},
 doi = {10.1016/S0169-7552(98)00110-X},
 acmid = {297827},
 publisher = {Elsevier Science Publishers B. V.},
 address = {Amsterdam, The Netherlands, The Netherlands},
 keywords = {Google, PageRank, World Wide Web, information retrieval, search engines},
}
@article{Hong:2012:GDE:2189750.2151013,
 author = {Hong, Sungpack and Chafi, Hassan and Sedlar, Edic and Olukotun, Kunle},
 title = {Green-Marl: a DSL for easy and efficient graph analysis},
 journal = {SIGARCH Comput. Archit. News},
 issue_date = {March 2012},
 volume = {40},
 number = {1},
 month = mar,
 year = {2012},
 issn = {0163-5964},
 pages = {349--362},
 numpages = {14},
 url = {http://doi.acm.org/10.1145/2189750.2151013},
 doi = {10.1145/2189750.2151013},
 acmid = {2151013},
 publisher = {ACM},
 address = {New York, NY, USA},
 keywords = {domain-specific language, graph, parallel programming},
} 
@article{Kang:2011:PMP:1971122.1971124,
 author = {Kang, U and Tsourakakis, Charalampos E. and Faloutsos, Christos},
 title = {PEGASUS: mining peta-scale graphs},
 journal = {Knowl. Inf. Syst.},
 issue_date = {May 2011},
 volume = {27},
 number = {2},
 month = may,
 year = {2011},
 issn = {0219-1377},
 pages = {303--325},
 numpages = {23},
 url = {http://dx.doi.org/10.1007/s10115-010-0305-0},
 doi = {10.1007/s10115-010-0305-0},
 acmid = {1971124},
 publisher = {Springer-Verlag New York, Inc.},
 address = {New York, NY, USA},
 keywords = {GIM-V, Generalized iterative matrix-vector multiplication, Graph mining, Hadoop},
} 
@inproceedings{Kwak:2010:TSN:1772690.1772751,
 author = {Kwak, Haewoon and Lee, Changhyun and Park, Hosung and Moon, Sue},
 title = {What is Twitter, a social network or a news media?},
 booktitle = {Proceedings of the 19th international conference on World wide web},
 series = {WWW '10},
 year = {2010},
 isbn = {978-1-60558-799-8},
 location = {Raleigh, North Carolina, USA},
 pages = {591--600},
 numpages = {10},
 url = {http://doi.acm.org/10.1145/1772690.1772751},
 doi = {10.1145/1772690.1772751},
 acmid = {1772751},
 publisher = {ACM},
 address = {New York, NY, USA},
 keywords = {Twitter, degree of separation, homophily, influential, information diffusion, online social network, pagerank, reciprocity, retweet},
} 
@inproceedings{Kyrola:2012:GLG:2387880.2387884,
 author = {Kyrola, Aapo and Blelloch, Guy and Guestrin, Carlos},
 title = {GraphChi: large-scale graph computation on just a PC},
 booktitle = {Proceedings of the 10th USENIX conference on Operating Systems Design and Implementation},
 series = {OSDI'12},
 year = {2012},
 isbn = {978-1-931971-96-6},
 location = {Hollywood, CA, USA},
 pages = {31--46},
 numpages = {16},
 url = {http://dl.acm.org/citation.cfm?id=2387880.2387884},
 acmid = {2387884},
 publisher = {USENIX Association},
 address = {Berkeley, CA, USA},
}
@inproceedings{Malewicz:2010:PSL:1807167.1807184,
 author = {Malewicz, Grzegorz and Austern, Matthew H. and Bik, Aart J.C and Dehnert, James C. and Horn, Ilan and Leiser, Naty and Czajkowski, Grzegorz},
 title = {Pregel: a system for large-scale graph processing},
 booktitle = {Proceedings of the 2010 ACM SIGMOD International Conference on Management of data},
 series = {SIGMOD '10},
 year = {2010},
 isbn = {978-1-4503-0032-2},
 location = {Indianapolis, Indiana, USA},
 pages = {135--146},
 numpages = {12},
 url = {http://doi.acm.org/10.1145/1807167.1807184},
 doi = {10.1145/1807167.1807184},
 acmid = {1807184},
 publisher = {ACM},
 address = {New York, NY, USA},
 keywords = {distributed computing, graph algorigthms},
} 
@inproceedings{Pingali:2011:TPA:1993498.1993501,
 author = {Pingali, Keshav and Nguyen, Donald and Kulkarni, Milind and Burtscher, Martin and Hassaan, M. Amber and Kaleem, Rashid and Lee, Tsung-Hsien and Lenharth, Andrew and Manevich, Roman and M{\'e}ndez-Lojo, Mario and Prountzos, Dimitrios and Sui, Xin},
 title = {The tao of parallelism in algorithms},
 booktitle = {Proceedings of the 32nd ACM SIGPLAN conference on Programming language design and implementation},
 series = {PLDI '11},
 year = {2011},
 isbn = {978-1-4503-0663-8},
 location = {San Jose, California, USA},
 pages = {12--25},
 numpages = {14},
 url = {http://doi.acm.org/10.1145/1993498.1993501},
 doi = {10.1145/1993498.1993501},
 acmid = {1993501},
 publisher = {ACM},
 address = {New York, NY, USA},
 keywords = {amorphous data-parallelism, galois system, irregular programs, operator formulation, tao-analysis},
} 
@inproceedings{Prabhakaran:2012:MLG:2342821.2342825,
 author = {Prabhakaran, Vijayan and Wu, Ming and Weng, Xuetian and McSherry, Frank and Zhou, Lidong and Haridasan, Maya},
 title = {Managing large graphs on multi-cores with graph awareness},
 booktitle = {Proceedings of the 2012 USENIX conference on Annual Technical Conference},
 series = {USENIX ATC'12},
 year = {2012},
 location = {Boston, MA},
 pages = {4--4},
 numpages = {1},
 url = {http://dl.acm.org/citation.cfm?id=2342821.2342825},
 acmid = {2342825},
 publisher = {USENIX Association},
 address = {Berkeley, CA, USA},
} 
@misc{ wiki:GraphTheory,
    author = "Wikipedia",
    title = "Graph Theory --- {W}ikipedia{,} The Free Encyclopedia",
    year = "2013",
    url = "\url{http://en.wikipedia.org/wiki/Graph_theory}",
    note = "[Online; accessed 31-May-2013]"
}
@inproceedings{lugowski2012flexible,
  title={A flexible open-source toolbox for scalable complex graph analysis},
  author={Lugowski, Adam and Alber, David and Bulu{\c{c}}, Ayd{\i}n and Gilbert, John and Reinhardt, Steve and Teng, Yun and Waranis, Andrew},
  booktitle={SIAM Conference on Data Mining (SDM)},
  year={2012}
}